@article{hassan2022,
  author        = {{Hassan}, Sultan and {Villaescusa-Navarro}, Francisco and {Wandelt}, Benjamin and {Spergel}, David N. and {Angl{\'e}s-Alc{\'a}zar}, Daniel and {Genel}, Shy and {Cranmer}, Miles and {Bryan}, Greg L. and {Dav{\'e}}, Romeel and {Somerville}, Rachel S. and {Eickenberg}, Michael and {Narayanan}, Desika and {Ho}, Shirley and {Andrianomena}, Sambatra},
  title         = {{HIFLOW: Generating Diverse HI Maps and Inferring Cosmology while Marginalizing over Astrophysics Using Normalizing Flows}},
  journal       = {\apj},
  keywords      = {Reionization, Early universe, Cosmological parameters, Intergalactic medium, Bayesian statistics, 1383, 435, 339, 813, 1900, Astrophysics - Cosmology and Nongalactic Astrophysics, Astrophysics - Astrophysics of Galaxies, Astrophysics - Instrumentation and Methods for Astrophysics},
  year          = 2022,
  month         = oct,
  volume        = {937},
  number        = {2},
  eid           = {83},
  pages         = {83},
  doi           = {10.3847/1538-4357/ac8b09},
  archiveprefix = {arXiv},
  eprint        = {2110.02983},
  primaryclass  = {astro-ph.CO},
  adsurl        = {https://ui.adsabs.harvard.edu/abs/2022ApJ...937...83H},
  adsnote       = {Provided by the SAO/NASA Astrophysics Data System}
}

@article{dai2022,
  author        = {{Dai}, Biwei and {Seljak}, Uro{\v{s}}},
  title         = {{Translation and rotation equivariant normalizing flow (TRENF) for optimal cosmological analysis}},
  journal       = {\mnras},
  keywords      = {methods: data analysis, cosmological parameters, large-scale structure of Universe, Astrophysics - Cosmology and Nongalactic Astrophysics, Computer Science - Machine Learning},
  year          = 2022,
  month         = oct,
  volume        = {516},
  number        = {2},
  pages         = {2363-2373},
  doi           = {10.1093/mnras/stac2010},
  archiveprefix = {arXiv},
  eprint        = {2202.05282},
  primaryclass  = {astro-ph.CO},
  adsurl        = {https://ui.adsabs.harvard.edu/abs/2022MNRAS.516.2363D},
  adsnote       = {Provided by the SAO/NASA Astrophysics Data System}
}

@article{dacunha2022,
  author        = {{Dacunha}, Tara and {Raveri}, Marco and {Park}, Minsu and {Doux}, Cyrille and {Jain}, Bhuvnesh},
  title         = {{What does a cosmological experiment really measure? Covariant posterior decomposition with normalizing flows}},
  journal       = {\prd},
  keywords      = {Astrophysics - Cosmology and Nongalactic Astrophysics, Astrophysics - Instrumentation and Methods for Astrophysics},
  year          = 2022,
  month         = mar,
  volume        = {105},
  number        = {6},
  eid           = {063529},
  pages         = {063529},
  doi           = {10.1103/PhysRevD.105.063529},
  archiveprefix = {arXiv},
  eprint        = {2112.05737},
  primaryclass  = {astro-ph.CO},
  adsurl        = {https://ui.adsabs.harvard.edu/abs/2022PhRvD.105f3529D},
  adsnote       = {Provided by the SAO/NASA Astrophysics Data System}
}

