
@inproceedings{adam,
  title = {Adam: {{A}} Method for Stochastic Optimization},
  booktitle = {3rd {{International Conference}} on {{Learning Representations}}},
  author = {Kingma, Diederik P. and Ba, Jimmy},
  editor = {Bengio, Yoshua and LeCun, Yann},
  year = {2015},
  address = {{San Diego, CA}},
  url = {http://arxiv.org/abs/1412.6980}
}

@inproceedings{brehmer2020,
  title = {Flows for Simultaneous Manifold Learning and Density Estimation},
  booktitle = {Advances in {{Neural Information Processing Systems}} 33},
  author = {Brehmer, Johann and Cranmer, Kyle},
  editor = {Larochelle, Hugo and Ranzato, Marc'Aurelio and Hadsell, Raia and Balcan, Maria-Florina and Lin, Hsuan-Tien},
  year = {2020},
  address = {{Virtual}},
  url = {https://proceedings.neurips.cc/paper/2020/hash/051928341be67dcba03f0e04104d9047-Abstract.html},
  file = {/Users/jfcrenshaw/Documents/Zotero/storage/F37IQQMQ/Brehmer and Cranmer - 2020 - Flows for simultaneous manifold learning and densi.pdf}
}

@inproceedings{chen2018,
  title = {Neural Ordinary Differential Equations},
  booktitle = {Advances in {{Neural Information Processing Systems}} 31},
  author = {Chen, Ricky T. Q. and Rubanova, Yulia and Bettencourt, Jesse and Duvenaud, David K},
  editor = {Bengio, S. and Wallach, H. and Larochelle, H. and Grauman, K. and {Cesa-Bianchi}, N. and Garnett, R.},
  year = {2018},
  volume = {31},
  pages = {6571--6583},
  publisher = {{Curran Associates, Inc.}},
  url = {https://proceedings.neurips.cc/paper/2018/file/69386f6bb1dfed68692a24c8686939b9-Paper.pdf},
  file = {/Users/jfcrenshaw/Documents/Zotero/storage/T723ERIT/Chen et al. - 2018 - Neural ordinary differential equations.pdf}
}

@article{corner,
  title = {Corner.Py: {{Scatterplot}} Matrices in {{Python}}},
  author = {{Foreman-Mackey}, Daniel},
  year = {2016},
  month = jun,
  journal = {J. Open Source Softw.},
  volume = {1},
  number = {2},
  pages = {24},
  publisher = {{The Open Journal}},
  doi = {10.21105/joss.00024},
  url = {https://doi.org/10.21105/joss.00024}
}

@manual{dask,
  type = {Manual},
  title = {Dask: {{Library}} for Dynamic Task Scheduling},
  author = {{Dask Development Team}},
  year = {2016},
  url = {https://dask.org}
}

@article{dill,
  title = {Building a Framework for Predictive Science},
  author = {McKerns, Michael M. and Strand, Leif and Sullivan, Tim and Fang, Alta and Aivazis, Michael A. G.},
  year = {2012},
  journal = {CoRR},
  volume = {abs/1202.1056},
  url = {http://arxiv.org/abs/1202.1056}
}

@inproceedings{dinh2015,
  title = {{{NICE}}: {{Non-linear Independent Components Estimation}}},
  shorttitle = {{{NICE}}},
  booktitle = {Proceedings of the 3rd {{International Conference}} on {{Learning Representations}}},
  author = {Dinh, Laurent and Krueger, David and Bengio, Yoshua},
  editor = {Bengio, Yoshua and LeCun, Yann},
  year = {2015},
  month = apr,
  eprint = {1410.8516},
  eprinttype = {arxiv},
  address = {{San Diego, CA}},
  url = {http://arxiv.org/abs/1410.8516},
  urldate = {2020-07-27},
  archiveprefix = {arXiv},
  file = {/Users/jfcrenshaw/Documents/Zotero/storage/QZRIVMN3/QZRIVMN3.pdf;/Users/jfcrenshaw/Documents/Zotero/storage/5TV25TI7/1410.html}
}

@inproceedings{dinh2017,
  title = {Density Estimation Using {{Real NVP}}},
  booktitle = {Proceedings of the 5th {{International Conference}} on {{Learning Representations}}},
  author = {Dinh, Laurent and {Sohl-Dickstein}, Jascha and Bengio, Samy},
  year = {2017},
  month = feb,
  eprint = {1605.08803},
  eprinttype = {arxiv},
  address = {{Toulon, France}},
  url = {http://arxiv.org/abs/1605.08803},
  urldate = {2020-07-27},
  archiveprefix = {arXiv},
  file = {/Users/jfcrenshaw/Documents/Zotero/storage/8RU4VIUK/8RU4VIUK.pdf;/Users/jfcrenshaw/Documents/Zotero/storage/IMXPKLAG/1605.html}
}

@inproceedings{dinh2019,
  title = {A {{RAD}} Approach to Deep Mixture Models},
  booktitle = {Deep {{Generative Models}} for {{Highly Structured Data}}, {{ICLR}} 2019 {{Workshop}}},
  author = {Dinh, Laurent and {Sohl-Dickstein}, Jascha and Pascanu, Razvan and Larochelle, Hugo},
  year = {2019},
  publisher = {{OpenReview.net}},
  address = {{New Orleans, LA, USA}},
  url = {https://openreview.net/forum?id=HJeZNLIt_4},
  file = {/Users/jfcrenshaw/Documents/Zotero/storage/NHWX539Q/Dinh et al. - 2019 - A RAD approach to deep mixture models.pdf}
}

@inproceedings{durkan2019,
  title = {Neural {{Spline Flows}}},
  booktitle = {Advances in {{Neural Information Processing Systems}} 32},
  author = {Durkan, Conor and Bekasov, Artur and Murray, Iain and Papamakarios, George},
  editor = {Wallach, Hannah M and Larochelle, Hugo and Beygelzimer, Alina and {d'Alch{\'e}-Buc}, Florence and Fox, Emily B. and Garnett, Roman},
  year = {2019},
  month = dec,
  eprint = {1906.04032},
  eprinttype = {arxiv},
  pages = {7511--7522},
  publisher = {{Curran Associates, Inc.}},
  address = {{Vancouver, Canada}},
  url = {http://arxiv.org/abs/1906.04032},
  urldate = {2020-07-27},
  archiveprefix = {arXiv},
  file = {/Users/jfcrenshaw/Documents/Zotero/storage/ZXRIWYL8/ZXRIWYL8.pdf;/Users/jfcrenshaw/Documents/Zotero/storage/UR6IZ2XK/1906.html}
}

@inproceedings{falorsi2019,
  title = {Reparameterizing Distributions on Lie Groups},
  booktitle = {The 22nd {{International Conference}} on {{Artificial Intelligence}} and {{Statistics}}},
  author = {Falorsi, Luca and {de Haan}, Pim and Davidson, Tim R. and Forr{\'e}, Patrick},
  editor = {Chaudhuri, Kamalika and Sugiyama, Masashi},
  year = {2019},
  series = {Proceedings of Machine Learning Research},
  volume = {89},
  pages = {3244--3253},
  publisher = {{PMLR}},
  address = {{Naha, Okinawa, Japan}},
  url = {http://proceedings.mlr.press/v89/falorsi19a.html},
  file = {/Users/jfcrenshaw/Documents/Zotero/storage/58NFL3BM/Falorsi et al. - 2019 - Reparameterizing distributions on lie groups.pdf}
}

@article{fort2020,
  title = {Deep {{Ensembles}}: {{A Loss Landscape Perspective}}},
  shorttitle = {Deep {{Ensembles}}},
  author = {Fort, Stanislav and Hu, Huiyi and Lakshminarayanan, Balaji},
  year = {2020},
  month = jun,
  journal = {ArXiv191202757 Cs Stat},
  eprint = {1912.02757},
  eprinttype = {arxiv},
  primaryclass = {cs, stat},
  url = {http://arxiv.org/abs/1912.02757},
  urldate = {2021-02-17},
  archiveprefix = {arXiv},
  file = {/Users/jfcrenshaw/Documents/Zotero/storage/IHHHCKQ3/IHHHCKQ3.pdf;/Users/jfcrenshaw/Documents/Zotero/storage/U5A3XWRP/1912.html}
}

@article{gemici2016,
  title = {Normalizing {{Flows}} on {{Riemannian Manifolds}}},
  author = {Gemici, Mevlana C. and Rezende, Danilo Jimenez and Mohamed, Shakir},
  year = {2016},
  month = nov,
  journal = {CoRR},
  volume = {abs/1611.02304},
  eprint = {1611.02304},
  eprinttype = {arxiv},
  url = {http://arxiv.org/abs/1611.02304},
  urldate = {2021-04-16},
  archiveprefix = {arXiv},
  file = {/Users/jfcrenshaw/Documents/Zotero/storage/W698AVTL/Gemici et al. - 2016 - Normalizing Flows on Riemannian Manifolds.pdf;/Users/jfcrenshaw/Documents/Zotero/storage/ETNXPH7J/1611.html}
}

@article{graham2020,
  title = {Photometric {{Redshifts}} with the {{LSST}}. {{II}}. {{The Impact}} of {{Near-infrared}} and {{Near-ultraviolet Photometry}}},
  author = {Graham, Melissa L. and Connolly, Andrew J. and Wang, Winnie and Schmidt, Samuel J. and Morrison, Christopher B. and Ivezi{\'c}, {\v Z}eljko and Fabbro, S{\'e}bastien and C{\^o}t{\'e}, Patrick and Daniel, Scott F. and Jones, R. Lynne and Juri{\'c}, Mario and Yoachim, Peter and Kalmbach, J. Bryce},
  year = {2020},
  month = jun,
  journal = {Astron. J.},
  volume = {159},
  pages = {258},
  issn = {0004-6256},
  doi = {10.3847/1538-3881/ab8a43},
  url = {https://ui.adsabs.harvard.edu/abs/2020AJ....159..258G},
  urldate = {2021-09-09},
  annotation = {ADS Bibcode: 2020AJ....159..258G},
  file = {/Users/jfcrenshaw/Documents/Zotero/storage/GPFEGPXF/Graham et al. - 2020 - Photometric Redshifts with the LSST. II. The Impac.pdf}
}

@inproceedings{grathwohl2018,
  title = {{{FFJORD}}: {{Free-form Continuous Dynamics}} for {{Scalable Reversible Generative Models}}},
  shorttitle = {{{FFJORD}}},
  booktitle = {7th {{International Conference}} on {{Learning Representations}}},
  author = {Grathwohl, Will and Chen, Ricky T. Q. and Bettencourt, Jesse and Sutskever, Ilya and Duvenaud, David},
  year = {2018},
  month = oct,
  eprint = {1810.01367},
  eprinttype = {arxiv},
  publisher = {{OpenReview.net}},
  address = {{New Orleans, LA, USA}},
  url = {http://arxiv.org/abs/1810.01367},
  urldate = {2020-11-12},
  archiveprefix = {arXiv},
  file = {/Users/jfcrenshaw/Documents/Zotero/storage/23WBWZWX/Grathwohl et al. - 2018 - FFJORD Free-form Continuous Dynamics for Scalable.pdf;/Users/jfcrenshaw/Documents/Zotero/storage/HUW7V6JN/1810.html}
}

@inproceedings{ho2019,
  title = {Flow++: {{Improving}} Flow-Based Generative Models with Variational Dequantization and Architecture Design},
  booktitle = {Proceedings of the 36th {{International Conference}} on {{Machine Learning}}},
  author = {Ho, Jonathan and Chen, Xi and Srinivas, Aravind and Duan, Yan and Abbeel, Pieter},
  editor = {Chaudhuri, Kamalika and Salakhutdinov, Ruslan},
  year = {2019},
  series = {Proceedings of Machine Learning Research},
  volume = {97},
  pages = {2722--2730},
  publisher = {{PMLR}},
  address = {{Long Beach, CA, USA}},
  url = {http://proceedings.mlr.press/v97/ho19a.html},
  file = {/Users/jfcrenshaw/Documents/Zotero/storage/LJAHYPTK/Ho et al. - 2019 - Flow++ Improving flow-based generative models wit.pdf}
}

@article{hoogeboom2020,
  title = {Learning Discrete Distributions by Dequantization},
  author = {Hoogeboom, Emiel and Cohen, Taco S. and Tomczak, Jakub M.},
  year = {2020},
  journal = {CoRR},
  volume = {abs/2001.11235},
  url = {https://arxiv.org/abs/2001.11235},
  file = {/Users/jfcrenshaw/Documents/Zotero/storage/BGZAGWMS/Hoogeboom et al. - 2020 - Learning discrete distributions by dequantization.pdf}
}

@article{ivezic2019,
  title = {{{LSST}}: {{From Science Drivers}} to {{Reference Design}} and {{Anticipated Data Products}}},
  shorttitle = {{{LSST}}},
  author = {Ivezi{\'c}, {\v Z}eljko and Kahn, Steven M. and Tyson, J. Anthony and Abel, Bob and Acosta, Emily and Allsman, Robyn and Alonso, David and AlSayyad, Yusra and Anderson, Scott F. and Andrew, John and Angel, James Roger P. and Angeli, George Z. and Ansari, Reza and Antilogus, Pierre and Araujo, Constanza and Armstrong, Robert and Arndt, Kirk T. and Astier, Pierre and Aubourg, {\'E}ric and Auza, Nicole and Axelrod, Tim S. and Bard, Deborah J. and Barr, Jeff D. and Barrau, Aurelian and Bartlett, James G. and Bauer, Amanda E. and Bauman, Brian J. and Baumont, Sylvain and Bechtol, Ellen and Bechtol, Keith and Becker, Andrew C. and Becla, Jacek and Beldica, Cristina and Bellavia, Steve and Bianco, Federica B. and Biswas, Rahul and Blanc, Guillaume and Blazek, Jonathan and Blandford, Roger D. and Bloom, Josh S. and Bogart, Joanne and Bond, Tim W. and Booth, Michael T. and Borgland, Anders W. and Borne, Kirk and Bosch, James F. and Boutigny, Dominique and Brackett, Craig A. and Bradshaw, Andrew and Brandt, William Nielsen and Brown, Michael E. and Bullock, James S. and Burchat, Patricia and Burke, David L. and Cagnoli, Gianpietro and Calabrese, Daniel and Callahan, Shawn and Callen, Alice L. and Carlin, Jeffrey L. and Carlson, Erin L. and Chandrasekharan, Srinivasan and {Charles-Emerson}, Glenaver and Chesley, Steve and Cheu, Elliott C. and Chiang, Hsin-Fang and Chiang, James and Chirino, Carol and Chow, Derek and Ciardi, David R. and Claver, Charles F. and {Cohen-Tanugi}, Johann and Cockrum, Joseph J. and Coles, Rebecca and Connolly, Andrew J. and Cook, Kem H. and Cooray, Asantha and Covey, Kevin R. and Cribbs, Chris and Cui, Wei and Cutri, Roc and Daly, Philip N. and Daniel, Scott F. and Daruich, Felipe and Daubard, Guillaume and Daues, Greg and Dawson, William and Delgado, Francisco and Dellapenna, Alfred and {de Peyster}, Robert and {de Val-Borro}, Miguel and Digel, Seth W. and Doherty, Peter and Dubois, Richard and {Dubois-Felsmann}, Gregory P. and Durech, Josef and Economou, Frossie and Eifler, Tim and Eracleous, Michael and Emmons, Benjamin L. and Fausti Neto, Angelo and Ferguson, Henry and Figueroa, Enrique and {Fisher-Levine}, Merlin and Focke, Warren and Foss, Michael D. and Frank, James and Freemon, Michael D. and Gangler, Emmanuel and Gawiser, Eric and Geary, John C. and Gee, Perry and Geha, Marla and Gessner, Charles J. B. and Gibson, Robert R. and Gilmore, D. Kirk and Glanzman, Thomas and Glick, William and Goldina, Tatiana and Goldstein, Daniel A. and Goodenow, Iain and Graham, Melissa L. and Gressler, William J. and Gris, Philippe and Guy, Leanne P. and Guyonnet, Augustin and Haller, Gunther and Harris, Ron and Hascall, Patrick A. and Haupt, Justine and Hernandez, Fabio and Herrmann, Sven and Hileman, Edward and Hoblitt, Joshua and Hodgson, John A. and Hogan, Craig and Howard, James D. and Huang, Dajun and Huffer, Michael E. and Ingraham, Patrick and Innes, Walter R. and Jacoby, Suzanne H. and Jain, Bhuvnesh and Jammes, Fabrice and Jee, M. James and Jenness, Tim and Jernigan, Garrett and Jevremovi{\'c}, Darko and Johns, Kenneth and Johnson, Anthony S. and Johnson, Margaret W. G. and Jones, R. Lynne and {Juramy-Gilles}, Claire and Juri{\'c}, Mario and Kalirai, Jason S. and Kallivayalil, Nitya J. and Kalmbach, Bryce and Kantor, Jeffrey P. and Karst, Pierre and Kasliwal, Mansi M. and Kelly, Heather and Kessler, Richard and Kinnison, Veronica and Kirkby, David and Knox, Lloyd and Kotov, Ivan V. and Krabbendam, Victor L. and Krughoff, K. Simon and Kub{\'a}nek, Petr and Kuczewski, John and Kulkarni, Shri and Ku, John and Kurita, Nadine R. and Lage, Craig S. and Lambert, Ron and Lange, Travis and Langton, J. Brian and Le Guillou, Laurent and Levine, Deborah and Liang, Ming and Lim, Kian-Tat and Lintott, Chris J. and Long, Kevin E. and Lopez, Margaux and Lotz, Paul J. and Lupton, Robert H. and Lust, Nate B. and MacArthur, Lauren A. and Mahabal, Ashish and Mandelbaum, Rachel and Markiewicz, Thomas W. and Marsh, Darren S. and Marshall, Philip J. and Marshall, Stuart and May, Morgan and McKercher, Robert and McQueen, Michelle and Meyers, Joshua and Migliore, Myriam and Miller, Michelle and Mills, David J. and Miraval, Connor and Moeyens, Joachim and Moolekamp, Fred E. and Monet, David G. and Moniez, Marc and Monkewitz, Serge and Montgomery, Christopher and Morrison, Christopher B. and Mueller, Fritz and Muller, Gary P. and Mu{\~n}oz Arancibia, Freddy and Neill, Douglas R. and Newbry, Scott P. and Nief, Jean-Yves and Nomerotski, Andrei and Nordby, Martin and O'Connor, Paul and Oliver, John and Olivier, Scot S. and Olsen, Knut and O'Mullane, William and Ortiz, Sandra and Osier, Shawn and Owen, Russell E. and Pain, Reynald and Palecek, Paul E. and Parejko, John K. and Parsons, James B. and Pease, Nathan M. and Peterson, J. Matt and Peterson, John R. and Petravick, Donald L. and Libby Petrick, M. E. and Petry, Cathy E. and Pierfederici, Francesco and Pietrowicz, Stephen and Pike, Rob and Pinto, Philip A. and Plante, Raymond and Plate, Stephen and Plutchak, Joel P. and Price, Paul A. and Prouza, Michael and Radeka, Veljko and Rajagopal, Jayadev and Rasmussen, Andrew P. and Regnault, Nicolas and Reil, Kevin A. and Reiss, David J. and Reuter, Michael A. and Ridgway, Stephen T. and Riot, Vincent J. and Ritz, Steve and Robinson, Sean and Roby, William and Roodman, Aaron and Rosing, Wayne and Roucelle, Cecille and Rumore, Matthew R. and Russo, Stefano and Saha, Abhijit and Sassolas, Benoit and Schalk, Terry L. and Schellart, Pim and Schindler, Rafe H. and Schmidt, Samuel and Schneider, Donald P. and Schneider, Michael D. and Schoening, William and Schumacher, German and Schwamb, Megan E. and Sebag, Jacques and Selvy, Brian and Sembroski, Glenn H. and Seppala, Lynn G. and Serio, Andrew and Serrano, Eduardo and Shaw, Richard A. and Shipsey, Ian and Sick, Jonathan and Silvestri, Nicole and Slater, Colin T. and Smith, J. Allyn and Smith, R. Chris and Sobhani, Shahram and Soldahl, Christine and {Storrie-Lombardi}, Lisa and Stover, Edward and Strauss, Michael A. and Street, Rachel A. and Stubbs, Christopher W. and Sullivan, Ian S. and Sweeney, Donald and Swinbank, John D. and Szalay, Alexander and Takacs, Peter and Tether, Stephen A. and Thaler, Jon J. and Thayer, John Gregg and Thomas, Sandrine and Thornton, Adam J. and Thukral, Vaikunth and Tice, Jeffrey and Trilling, David E. and Turri, Max and Van Berg, Richard and Vanden Berk, Daniel and Vetter, Kurt and Virieux, Francoise and Vucina, Tomislav and Wahl, William and Walkowicz, Lucianne and Walsh, Brian and Walter, Christopher W. and Wang, Daniel L. and Wang, Shin-Yawn and Warner, Michael and Wiecha, Oliver and Willman, Beth and Winters, Scott E. and Wittman, David and Wolff, Sidney C. and {Wood-Vasey}, W. Michael and Wu, Xiuqin and Xin, Bo and Yoachim, Peter and Zhan, Hu},
  year = {2019},
  month = mar,
  journal = {The Astrophysical Journal},
  volume = {873},
  pages = {111},
  doi = {10.3847/1538-4357/ab042c},
  url = {http://adsabs.harvard.edu/abs/2019ApJ...873..111I},
  urldate = {2020-09-13},
  file = {/Users/jfcrenshaw/Documents/Zotero/storage/V99HGD3A/Ivezić et al. - 2019 - LSST From Science Drivers to Reference Design and.pdf;/Users/jfcrenshaw/Documents/Zotero/storage/WE8JSJ3L/WE8JSJ3L.pdf}
}

@inproceedings{jaini2020,
  title = {Tails of {{Lipschitz Triangular Flows}}},
  booktitle = {{{arXiv}}:1907.04481 [Cs, Math, Stat]},
  author = {Jaini, Priyank and Kobyzev, Ivan and Yu, Yaoliang and Brubaker, Marcus},
  year = {2020},
  month = sep,
  series = {Proceedings of {{Machine Learning Research}}},
  volume = {119},
  eprint = {1907.04481},
  eprinttype = {arxiv},
  primaryclass = {cs, math, stat},
  pages = {4673--4681},
  publisher = {{PMLR}},
  address = {{Virtual}},
  url = {http://arxiv.org/abs/1907.04481},
  urldate = {2021-02-19},
  archiveprefix = {arXiv},
  file = {/Users/jfcrenshaw/Documents/Zotero/storage/BGBBL3MD/BGBBL3MD.pdf;/Users/jfcrenshaw/Documents/Zotero/storage/BMPUZFHV/1907.html}
}

@inproceedings{james1961,
  title = {Inadmissibility of the {{Usual Estimator}} for the {{Mean}} of a {{Multivariate Normal Distribution}}},
  booktitle = {Proceedings of the 4th {{Berkeley Symposium}} on {{Mathematical Statistics}} and {{Probability}}},
  author = {James, Willard and Stein, Charles},
  year = {1961},
  pages = {361--379},
  publisher = {{Univ. California Press}},
  address = {{Berkeley, CA, USA}}
}

@misc{jax,
  title = {{{JAX}}: Composable Transformations of {{Python}}+{{NumPy}} Programs},
  author = {Bradbury, James and Frostig, Roy and Hawkins, Peter and Johnson, Matthew James and Leary, Chris and Maclaurin, Dougal and Necula, George and Paszke, Adam and VanderPlas, Jake and {Wanderman-Milne}, Skye and Zhang, Qiao},
  year = {2018},
  url = {http://github.com/google/jax}
}

@inproceedings{jupyter,
  title = {Jupyter {{Notebooks}} - a Publishing Format for Reproducible Computational Workflows},
  booktitle = {Positioning and Power in Academic Publishing: {{Players}}, Agents and Agendas},
  author = {Kluyver, Thomas and {Ragan-Kelley}, Benjamin and P{\'e}rez, Fernando and Granger, Brian and Bussonnier, Matthias and Frederic, Jonathan and Kelley, Kyle and Hamrick, Jessica and Grout, Jason and Corlay, Sylvain and Ivanov, Paul and Avila, Dami{\'a}n and Abdalla, Safia and Willing, Carol and development {team}, Jupyter},
  editor = {Loizides, Fernando and Scmidt, Birgit},
  year = {2016},
  pages = {87--90},
  publisher = {{IOS Press}},
  address = {{Netherlands}},
  url = {https://eprints.soton.ac.uk/403913/}
}

@article{kanwar2020,
  title = {Equivariant {{Flow-Based Sampling}} for {{Lattice Gauge Theory}}},
  author = {Kanwar, Gurtej and Albergo, Michael S. and Boyda, Denis and Cranmer, Kyle and Hackett, Daniel C. and Racani{\`e}re, S{\'e}bastien and Rezende, Danilo Jimenez and Shanahan, Phiala E.},
  year = {2020},
  month = sep,
  journal = {Physical Review Letters},
  volume = {125},
  pages = {121601},
  issn = {0031-9007},
  doi = {10.1103/PhysRevLett.125.121601},
  url = {http://adsabs.harvard.edu/abs/2020PhRvL.125l1601K},
  urldate = {2021-04-22},
  file = {/Users/jfcrenshaw/Documents/Zotero/storage/ANZ75R6S/Kanwar et al. - 2020 - Equivariant Flow-Based Sampling for Lattice Gauge .pdf}
}

@inproceedings{kingma2018,
  title = {Glow: {{Generative Flow}} with {{Invertible}} 1x1 {{Convolutions}}},
  shorttitle = {Glow},
  booktitle = {Advances in {{Neural Information Processing Systems}} 31},
  author = {Kingma, Diederik P. and Dhariwal, Prafulla},
  editor = {Bengio, Samy and Wallach, Hannah M and Larochelle, Hugo and Grauman, Kristen and {Cesa-Bianchi}, Nicol{\'o} and Garnett, Roman},
  year = {2018},
  month = jul,
  volume = {31},
  eprint = {1807.03039},
  eprinttype = {arxiv},
  pages = {10236--10245},
  publisher = {{Curran Associates, Inc.}},
  address = {{Montreal, Canada}},
  url = {http://arxiv.org/abs/1807.03039},
  urldate = {2021-03-04},
  archiveprefix = {arXiv},
  file = {/Users/jfcrenshaw/Documents/Zotero/storage/2VIZQ6J9/2VIZQ6J9.pdf;/Users/jfcrenshaw/Documents/Zotero/storage/D2YAJ232/1807.html}
}

@article{kobyzev2020,
  title = {Normalizing {{Flows}}: {{An Introduction}} and {{Review}} of {{Current Methods}}},
  shorttitle = {Normalizing {{Flows}}},
  author = {Kobyzev, Ivan and Prince, Simon J. D. and Brubaker, Marcus A.},
  year = {2020},
  journal = {IEEE Trans. Pattern Anal. Mach. Intell.},
  eprint = {1908.09257},
  eprinttype = {arxiv},
  pages = {1--1},
  issn = {0162-8828, 2160-9292, 1939-3539},
  doi = {10.1109/TPAMI.2020.2992934},
  url = {http://arxiv.org/abs/1908.09257},
  urldate = {2020-10-22},
  archiveprefix = {arXiv},
  file = {/Users/jfcrenshaw/Documents/Zotero/storage/32P5Z2UF/Kobyzev et al. - 2020 - Normalizing Flows An Introduction and Review of C.pdf;/Users/jfcrenshaw/Documents/Zotero/storage/69I5HTK3/1908.html}
}

@phdthesis{mackay1992,
  title = {Bayesian Methods for Adaptive Models},
  author = {MacKay, David J.C.},
  year = {1992},
  month = dec,
  school = {California Institute of Technology}
}

@article{maddox2019,
  title = {A {{Simple Baseline}} for {{Bayesian Uncertainty}} in {{Deep Learning}}},
  author = {Maddox, Wesley and Garipov, Timur and Izmailov, Pavel and Vetrov, Dmitry and Wilson, Andrew Gordon},
  year = {2019},
  month = dec,
  journal = {ArXiv190202476 Cs Stat},
  eprint = {1902.02476},
  eprinttype = {arxiv},
  primaryclass = {cs, stat},
  url = {http://arxiv.org/abs/1902.02476},
  urldate = {2021-02-17},
  archiveprefix = {arXiv},
  file = {/Users/jfcrenshaw/Documents/Zotero/storage/85Q5E8EY/85Q5E8EY.pdf;/Users/jfcrenshaw/Documents/Zotero/storage/TM3VAI5L/1902.html}
}

@article{matplotlib,
  title = {Matplotlib: {{A 2D}} Graphics Environment},
  author = {Hunter, J. D.},
  year = {2007},
  journal = {Comput. Sci. Eng.},
  volume = {9},
  number = {3},
  pages = {90--95},
  doi = {10.1109/MCSE.2007.55}
}

@article{numpy,
  title = {Array Programming with {{NumPy}}},
  author = {Harris, Charles R. and Millman, K. Jarrod and {van der Walt}, St{\'e}fan J. and Gommers, Ralf and Virtanen, Pauli and Cournapeau, David and Wieser, Eric and Taylor, Julian and Berg, Sebastian and Smith, Nathaniel J. and Kern, Robert and Picus, Matti and Hoyer, Stephan and {van Kerkwijk}, Marten H. and Brett, Matthew and Haldane, Allan and {del R{\'i}o}, Jaime Fern{\'a}ndez and Wiebe, Mark and Peterson, Pearu and {G{\'e}rard-Marchant}, Pierre and Sheppard, Kevin and Reddy, Tyler and Weckesser, Warren and Abbasi, Hameer and Gohlke, Christoph and Oliphant, Travis E.},
  year = {2020},
  month = sep,
  journal = {Nature},
  volume = {585},
  number = {7825},
  pages = {357--362},
  publisher = {{Nature Publishing Group}},
  issn = {1476-4687},
  doi = {10.1038/s41586-020-2649-2},
  url = {https://www.nature.com/articles/s41586-020-2649-2},
  urldate = {2020-09-16},
  copyright = {2020 The Author(s)},
  langid = {english},
  file = {/Users/jfcrenshaw/Documents/Zotero/storage/SKAE49F2/Harris et al. - 2020 - Array programming with NumPy.pdf;/Users/jfcrenshaw/Documents/Zotero/storage/PG7TJYRQ/s41586-020-2649-2.html}
}

@inproceedings{pandas,
  title = {Data {{Structures}} for {{Statistical Computing}} in {{Python}}},
  booktitle = {Proceedings of the 9th {{Python}} in {{Science Conference}}},
  author = {{Wes McKinney}},
  editor = {{van der Walt}, St{\'e}fan and {Jarrod Millman}},
  year = {2010},
  pages = {56--61},
  doi = {10.25080/Majora-92bf1922-00a}
}

@misc{pandas-software,
  title = {Pandas-Dev/Pandas: {{Pandas}} 1.0.3},
  author = {Reback, Jeff and McKinney, Wes and {jbrockmendel} and den Bossche, Joris Van and Augspurger, Tom and Cloud, Phillip and {gfyoung} and {Sinhrks} and Klein, Adam and Roeschke, Matthew and Hawkins, Simon and Tratner, Jeff and She, Chang and Ayd, William and Petersen, Terji and Garcia, Marc and Schendel, Jeremy and Hayden, Andy and {MomIsBestFriend} and Jancauskas, Vytautas and Battiston, Pietro and Seabold, Skipper and {chris-b1} and {h-vetinari} and Hoyer, Stephan and Overmeire, Wouter and {alimcmaster1} and Dong, Kaiqi and Whelan, Christopher and Mehyar, Mortada},
  year = {2020},
  month = mar,
  url = {https://doi.org/10.5281/zenodo.3715232},
  howpublished = {Zenodo}
}

@inproceedings{papamakarios2017,
  title = {Masked Autoregressive Flow for Density Estimation},
  booktitle = {Advances in {{Neural Information Processing Systems}} 30},
  author = {Papamakarios, George and Pavlakou, Theo and Murray, Iain},
  editor = {Guyon, I. and Luxburg, U. V. and Bengio, S. and Wallach, H. and Fergus, R. and Vishwanathan, S. and Garnett, R.},
  year = {2017},
  volume = {30},
  publisher = {{Curran Associates, Inc.}},
  address = {{Long Beach, CA, USA}},
  url = {https://proceedings.neurips.cc/paper/2017/file/6c1da886822c67822bcf3679d04369fa-Paper.pdf}
}

@inproceedings{papamakarios2019,
  title = {Sequential {{Neural Likelihood}}: {{Fast Likelihood-free Inference}} with {{Autoregressive Flows}}},
  shorttitle = {Sequential {{Neural Likelihood}}},
  booktitle = {{{arXiv}}:1805.07226 [Cs, Stat]},
  author = {Papamakarios, George and Sterratt, David C. and Murray, Iain},
  editor = {Chaudhuri, Kamalika and Sugiyama, Masashi},
  year = {2019},
  month = jan,
  volume = {89},
  eprint = {1805.07226},
  eprinttype = {arxiv},
  primaryclass = {cs, stat},
  pages = {837--848},
  publisher = {{PMLR}},
  address = {{Naha, Okinawa, Japan}},
  url = {http://arxiv.org/abs/1805.07226},
  urldate = {2021-02-10},
  archiveprefix = {arXiv},
  file = {/Users/jfcrenshaw/Documents/Zotero/storage/UMCR74YR/UMCR74YR.pdf;/Users/jfcrenshaw/Documents/Zotero/storage/MDBDZKQE/1805.html}
}

@inproceedings{rezende2016,
  title = {Variational {{Inference}} with {{Normalizing Flows}}},
  booktitle = {Proceedings of the 32nd {{International Conference}} on {{International Conference}} on {{Machine Learning}}},
  author = {Rezende, Danilo Jimenez and Mohamed, Shakir},
  year = {2016},
  month = jun,
  volume = {37},
  eprint = {1505.05770},
  eprinttype = {arxiv},
  pages = {1530--1538},
  publisher = {{JMLR}},
  address = {{Lille, France}},
  url = {http://arxiv.org/abs/1505.05770},
  urldate = {2020-10-01},
  archiveprefix = {arXiv},
  file = {/Users/jfcrenshaw/Documents/Zotero/storage/HB7BJMNK/Rezende and Mohamed - 2016 - Variational Inference with Normalizing Flows.pdf;/Users/jfcrenshaw/Documents/Zotero/storage/J7C3FIY3/1505.html}
}

@inproceedings{rezende2020,
  title = {Normalizing {{Flows}} on {{Tori}} and {{Spheres}}},
  booktitle = {{{arXiv}}:2002.02428 [Cs, Stat]},
  author = {Rezende, Danilo Jimenez and Papamakarios, George and Racani{\`e}re, S{\'e}bastien and Albergo, Michael S. and Kanwar, Gurtej and Shanahan, Phiala E. and Cranmer, Kyle},
  year = {2020},
  month = jul,
  series = {Proceedings of {{Machine Learning Research}}},
  volume = {119},
  eprint = {2002.02428},
  eprinttype = {arxiv},
  primaryclass = {cs, stat},
  pages = {8083--8092},
  publisher = {{PMLR}},
  address = {{Virtual}},
  url = {http://arxiv.org/abs/2002.02428},
  urldate = {2021-02-25},
  archiveprefix = {arXiv},
  file = {/Users/jfcrenshaw/Documents/Zotero/storage/R3YDBIZR/Rezende et al. - 2020 - Normalizing Flows on Tori and Spheres.pdf;/Users/jfcrenshaw/Documents/Zotero/storage/AQUTFFN6/2002.html}
}

@article{schmidt2020,
  title = {Evaluation of Probabilistic Photometric Redshift Estimation Approaches for {{LSST}}},
  author = {Schmidt, S. J. and Malz, A. I. and Soo, J. Y. H. and Almosallam, I. A. and Brescia, M. and Cavuoti, S. and {Cohen-Tanugi}, J. and Connolly, A. J. and DeRose, J. and Freeman, P. E. and Graham, M. L. and Iyer, K. G. and Jarvis, M. J. and Kalmbach, J. B. and Kovacs, E. and Lee, A. B. and Longo, G. and Morrison, C. B. and Newman, J. A. and Nourbakhsh, E. and Nuss, E. and Pospisil, T. and Tranin, H. and Wechsler, R. H. and Zhou, R. and Izbicki, R. and Collaboration, The LSST Dark Energy Science},
  year = {2020},
  month = jan,
  journal = {ArXiv200103621 Astro-Ph},
  eprint = {2001.03621},
  eprinttype = {arxiv},
  primaryclass = {astro-ph},
  url = {http://arxiv.org/abs/2001.03621},
  urldate = {2020-07-28},
  archiveprefix = {arXiv},
  file = {/Users/jfcrenshaw/Documents/Zotero/storage/GCRPZXRP/GCRPZXRP.pdf;/Users/jfcrenshaw/Documents/Zotero/storage/I4Q4IC6A/2001.html}
}

@article{scipy,
  title = {{{SciPy}} 1.0: Fundamental Algorithms for Scientific Computing in {{Python}}},
  shorttitle = {{{SciPy}} 1.0},
  author = {Virtanen, Pauli and Gommers, Ralf and Oliphant, Travis E. and Haberland, Matt and Reddy, Tyler and Cournapeau, David and Burovski, Evgeni and Peterson, Pearu and Weckesser, Warren and Bright, Jonathan and {van der Walt}, St{\'e}fan J. and Brett, Matthew and Wilson, Joshua and Millman, K. Jarrod and Mayorov, Nikolay and Nelson, Andrew R. J. and Jones, Eric and Kern, Robert and Larson, Eric and Carey, C. J. and Polat, {\.I}lhan and Feng, Yu and Moore, Eric W. and VanderPlas, Jake and Laxalde, Denis and Perktold, Josef and Cimrman, Robert and Henriksen, Ian and Quintero, E. A. and Harris, Charles R. and Archibald, Anne M. and Ribeiro, Ant{\^o}nio H. and Pedregosa, Fabian and {van Mulbregt}, Paul},
  year = {2020},
  month = mar,
  journal = {Nat. Methods},
  volume = {17},
  number = {3},
  pages = {261--272},
  publisher = {{Nature Publishing Group}},
  issn = {1548-7105},
  doi = {10.1038/s41592-019-0686-2},
  url = {https://www.nature.com/articles/s41592-019-0686-2},
  urldate = {2020-09-16},
  copyright = {2020 The Author(s)},
  langid = {english},
  file = {/Users/jfcrenshaw/Documents/Zotero/storage/YSP9TWNR/Virtanen et al. - 2020 - SciPy 1.0 fundamental algorithms for scientific c.pdf;/Users/jfcrenshaw/Documents/Zotero/storage/C7SPJR6B/s41592-019-0686-2.html}
}

@inproceedings{stein1956,
  title = {Inadmissibility of the {{Usual Estimator}} for the {{Mean}} of a {{Multivariate Normal Distribution}}},
  booktitle = {Proceedings of the 3rd {{Berkeley Symposium}} on {{Mathematical Statistics}} and {{Probability}}},
  author = {Stein, Charles},
  year = {1956},
  month = jan,
  pages = {197--206},
  publisher = {{Univ. California Press}},
  address = {{Berkeley, CA, USA}}
}

@article{wilson2020,
  title = {Bayesian {{Deep Learning}} and a {{Probabilistic Perspective}} of {{Generalization}}},
  author = {Wilson, Andrew Gordon and Izmailov, Pavel},
  year = {2020},
  month = apr,
  journal = {ArXiv200208791 Cs Stat},
  eprint = {2002.08791},
  eprinttype = {arxiv},
  primaryclass = {cs, stat},
  url = {http://arxiv.org/abs/2002.08791},
  urldate = {2021-02-17},
  archiveprefix = {arXiv},
  file = {/Users/jfcrenshaw/Documents/Zotero/storage/FI7U6IJ5/FI7U6IJ5.pdf;/Users/jfcrenshaw/Documents/Zotero/storage/2CCPADVG/2002.html}
}

@article{winkler2019,
  title = {Learning {{Likelihoods}} with {{Conditional Normalizing Flows}}},
  author = {Winkler, Christina and Worrall, Daniel and Hoogeboom, Emiel and Welling, Max},
  year = {2019},
  month = nov,
  journal = {CoRR},
  volume = {abs/1912.00042},
  eprint = {1912.00042},
  eprinttype = {arxiv},
  url = {http://arxiv.org/abs/1912.00042},
  urldate = {2021-02-11},
  archiveprefix = {arXiv},
  file = {/Users/jfcrenshaw/Documents/Zotero/storage/VFW53AZB/Winkler et al. - 2019 - Learning Likelihoods with Conditional Normalizing .pdf;/Users/jfcrenshaw/Documents/Zotero/storage/46QFZCNJ/1912.html}
}
